<record><leader>00000cas a22000007a 4500</leader><controlfield tag="001">10008320</controlfield><controlfield tag="008">831013d18491853ohuwr ne      0    0eng d</controlfield><datafield ind1=" " ind2=" " tag="010"><subfield code="a">sn 83035533 </subfield></datafield><datafield ind1=" " ind2=" " tag="040"><subfield code="a">NPY</subfield><subfield code="b">eng</subfield><subfield code="c">NPY</subfield><subfield code="d">NPX</subfield><subfield code="d">ONP</subfield><subfield code="d">OCLCG</subfield><subfield code="d">OCLCQ</subfield></datafield><datafield ind1=" " ind2=" " tag="042"><subfield code="a">msc</subfield></datafield><datafield ind1="0" ind2=" " tag="130"><subfield code="a">Coshocton Republican (Coshocton, Ohio : 1849)</subfield></datafield><datafield ind1="1" ind2="0" tag="245"><subfield code="a">Coshocton Republican.</subfield></datafield><datafield ind1=" " ind2=" " tag="260"><subfield code="a">Coshocton [Ohio :</subfield><subfield code="b">J. Medill]</subfield></datafield><datafield ind1=" " ind2=" " tag="300"><subfield code="a">v.</subfield></datafield><datafield ind1=" " ind2=" " tag="310"><subfield code="a">Weekly</subfield></datafield><datafield ind1="1" ind2=" " tag="362"><subfield code="a">Began in Dec. 1849? Ceased in 1853.</subfield></datafield><datafield ind1=" " ind2=" " tag="500"><subfield code="a">Publishers: J. Medill, &lt;1851&gt;; H.A. Guild, &lt;1852&gt;-1853.</subfield></datafield><datafield ind1=" " ind2=" " tag="500"><subfield code="a">Whig.</subfield></datafield><datafield ind1=" " ind2=" " tag="588"><subfield code="a">Description based on: Vol. 2, no. 9 (Feb. 20, 1851).</subfield></datafield><datafield ind1="1" ind2=" " tag="700"><subfield code="a">Medill, Joseph,</subfield><subfield code="d">1823-1899.</subfield></datafield><datafield ind1="1" ind2=" " tag="700"><subfield code="a">Guild, H. A.</subfield></datafield><datafield ind1=" " ind2=" " tag="752"><subfield code="a">United States</subfield><subfield code="b">Ohio</subfield><subfield code="c">Coshocton</subfield><subfield code="d">Coshocton.</subfield></datafield><datafield ind1="0" ind2="0" tag="780"><subfield code="t">Democratic Whig (Coshocton, Ohio)</subfield><subfield code="w">(DLC)sn 83035532</subfield></datafield><datafield ind1="0" ind2="0" tag="785"><subfield code="t">Progressive age (Coshocton, Ohio : 1853)</subfield><subfield code="w">(DLC)sn 83035534</subfield></datafield><datafield ind1="1" ind2=" " tag="029"><subfield code="a">AU@</subfield><subfield code="b">000025785260</subfield></datafield></record>